
#########Introduction###########
@article{de2004fluctuations,
  title={Fluctuations in network dynamics},
  author={De Menezes, M Argollo and Barab{\'a}si, A-L},
  journal={Physical review letters},
  volume={92},
  number={2},
  pages={028701},
  year={2004},
  publisher={APS}
}

@article{vogels2005neural,
  title={Neural network dynamics},
  author={Vogels, Tim P and Rajan, Kanaka and Abbott, Larry F},
  journal={Annu. Rev. Neurosci.},
  volume={28},
  pages={357--376},
  year={2005},
  publisher={Annual Reviews}
}

@article{tyson2001network,
  title={Network dynamics and cell physiology},
  author={Tyson, John J and Chen, Kathy and Novak, Bela},
  journal={Nature reviews Molecular cell biology},
  volume={2},
  number={12},
  pages={908--916},
  year={2001},
  publisher={Nature Publishing Group}
}

@article{coviello2006network,
  title={The network dynamics of international new ventures},
  author={Coviello, Nicole E},
  journal={Journal of international Business studies},
  volume={37},
  number={5},
  pages={713--731},
  year={2006},
  publisher={Springer}
}

@article{snijders2010introduction,
  title={Introduction to stochastic actor-based models for network dynamics},
  author={Snijders, Tom AB and Van de Bunt, Gerhard G and Steglich, Christian EG},
  journal={Social networks},
  volume={32},
  number={1},
  pages={44--60},
  year={2010},
  publisher={Elsevier}
}

@article{wu2004urban,
  title={Urban transit system as a scale-free network},
  author={Wu, Jianjun and Gao, Ziyou and Sun, Huijun and Huang, Haijun},
  journal={Modern Physics Letters B},
  volume={18},
  number={19n20},
  pages={1043--1049},
  year={2004},
  publisher={World Scientific}
}

@article{ping2006topological,
  title={Topological properties of urban public traffic networks in Chinese top-ten biggest cities},
  author={Ping, Li and Xing, Xiong and Zhong-Liang, Qiao and Gang-Qiang, Yuan and Xing, Sun and Bing-Hong, Wang},
  journal={Chinese physics letters},
  volume={23},
  number={12},
  pages={3384},
  year={2006},
  publisher={IOP Publishing}
}

@article{lu2007complexity,
  title={Complexity of public transport networks},
  author={Lu, Huapu and Shi, Ye},
  journal={Tsinghua Science and Technology},
  volume={12},
  number={2},
  pages={204--213},
  year={2007},
  publisher={TUP}
}

@article{qing2013space,
  title={Space P-based empirical research on public transport complex networks in 330 cities of China},
  author={Qing, XU and Zhenghu, ZU and Zhijing, XU and Zhang, Wendou and Zheng, Tao},
  journal={Journal of Transportation Systems Engineering and Information Technology},
  volume={13},
  number={1},
  pages={193--198},
  year={2013},
  publisher={Elsevier}
}

@article{zhang2019quantitatively,
  title={A quantitatively controllable mesoscopic reliability model of an interdependent public transit network considering congestion, time-delay interaction and self-organization effects},
  author={Zhang, Lin and Lu, Jian and Fu, Bai-bai and Li, Shu-bin and Li, Yun-xuan and Long, Man},
  journal={Nonlinear Dynamics},
  volume={96},
  number={2},
  pages={933--958},
  year={2019},
  publisher={Springer}
}



@article{luo2019integrating,
  title={Integrating network science and public transport accessibility analysis for comparative assessment},
  author={Luo, Ding and Cats, Oded and van Lint, Hans and Currie, Graham},
  journal={Journal of Transport Geography},
  volume={80},
  pages={102505},
  year={2019},
  publisher={Elsevier}
}

@article{leng2014evaluating,
  title={Evaluating the evolution of subway networks: evidence from Beijing subway network},
  author={Leng, Biao and Zhao, Xiaoxi and Xiong, Zhang},
  journal={EPL (Europhysics Letters)},
  volume={105},
  number={5},
  pages={58004},
  year={2014},
  publisher={IOP Publishing}
}

@article{ding2015complex,
  title={Complex network theory applied to the growth of Kuala Lumpurâ€™s public urban rail transit network},
  author={Ding, Rui and Ujang, Norsidah and Bin Hamid, Hussain and Wu, Jianjun},
  journal={PloS one},
  volume={10},
  number={10},
  pages={e0139961},
  year={2015},
  publisher={Public Library of Science}
}



@article{zhu2016evolution,
  title={The evolution analysis of Guangzhou subway network by complex network theory},
  author={Zhu, Li and Luo, Jinlong},
  journal={Procedia Engineering},
  volume={137},
  pages={186--95},
  year={2016},
  publisher={Elsevier}
}

@article{cats2017topological,
  title={Topological evolution of a metropolitan rail transport network: The case of Stockholm},
  author={Cats, Oded},
  journal={Journal of Transport Geography},
  volume={62},
  pages={172--183},
  year={2017},
  publisher={Elsevier}
}

######

@article{recker1985travel,
  title={Travel/activity analysis: pattern recognition, classification and interpretation},
  author={Recker, Wilfred W and McNally, Michael G and Root, Gregory S},
  journal={Transportation Research Part A: General},
  volume={19},
  number={4},
  pages={279--296},
  year={1985},
  publisher={Elsevier}
}

@article{hanson1988systematic,
  title={Systematic variability in repetitious travel},
  author={Hanson, Susan and Huff, O James},
  journal={Transportation},
  volume={15},
  number={1-2},
  pages={111--135},
  year={1988},
  publisher={Springer}
}

@article{pas1995intrapersonal,
  title={Intrapersonal variability in daily urban travel behavior: some additional evidence},
  author={Pas, Eric I and Sundar, Subramanian},
  journal={Transportation},
  volume={22},
  number={2},
  pages={135--150},
  year={1995},
  publisher={Springer}
}

@article{joh2002activity,
  title={Activity pattern similarity: a multidimensional sequence alignment method},
  author={Joh, Chang-Hyeon and Arentze, Theo and Hofman, Frank and Timmermans, Harry},
  journal={Transportation Research Part B: Methodological},
  volume={36},
  number={5},
  pages={385--403},
  year={2002},
  publisher={Elsevier}
}

@article{susilo2005analysis,
  title={Analysis of day-to-day variability in an individual's action space: exploration of 6-week Mobidrive travel diary data},
  author={Susilo, Yusak O and Kitamura, Ryuichi},
  journal={Transportation Research Record},
  volume={1902},
  number={1},
  pages={124--133},
  year={2005},
  publisher={SAGE Publications Sage CA: Los Angeles, CA}
}

@article{tao2014examining,
  title={Examining the spatial--temporal dynamics of bus passenger travel behaviour using smart card data and the flow-comap},
  author={Tao, Sui and Rohde, David and Corcoran, Jonathan},
  journal={Journal of Transport Geography},
  volume={41},
  pages={21--36},
  year={2014},
  publisher={Elsevier}
}

@article{morency2007measuring,
  title={Measuring transit use variability with smart-card data},
  author={Morency, Catherine and Trepanier, Martin and Agard, Bruno},
  journal={Transport Policy},
  volume={14},
  number={3},
  pages={193--203},
  year={2007},
  publisher={Elsevier}
}

@phdthesis{ortega2013classification,
  title={Classification of London's public transport users using smart card data},
  author={Ortega-Tong, Meisy Andrea},
  year={2013},
  school={Massachusetts Institute of Technology}
}

@ARTICLE{6981952,
author={L. M. {Kieu} and A. {Bhaskar} and E. {Chung}},
journal={IEEE Transactions on Intelligent Transportation Systems},
title={Passenger Segmentation Using Smart Card Data},
year={2015},
volume={16},
number={3},
pages={1537-1548},
keywords={pattern clustering;public transport;smart cards;strategic planning;traffic engineering computing;transit passenger market segmentation;transit operators;transit users;operational planning;strategic planning;smart card data;automated fare collection system;multiday travel pattern;SC data;SC transactions;density-based spatial clustering of application with noise algorithm;DBSCAN algorithm;travel pattern;oriented information;Clustering algorithms;Pattern analysis;Australia;Noise;Algorithm design and analysis;Intelligent transportation systems;Smart cards;Automated fare collection (AFC) system;market segmentation;public transport;smart cards (SCs);transit passenger;Automated fare collection (AFC) system;market segmentation;public transport;smart cards (SCs);transit passenger},
doi={10.1109/TITS.2014.2368998},
ISSN={},
month={June},}

@article{ouyang2018passenger,
  title={Passenger travel regularity analysis based on a large scale smart card data},
  author={Ouyang, Qi and Lv, Yongbo and Ren, Yuan and Ma, Jihui and Li, Jing},
  journal={Journal of Advanced Transportation},
  volume={2018},
  year={2018},
  publisher={Hindawi}
}

@article{ma2013mining,
  title={Mining smart card data for transit riders' travel patterns},
  author={Ma, Xiaolei and Wu, Yao-Jan and Wang, Yinhai and Chen, Feng and Liu, Jianfeng},
  journal={Transportation Research Part C: Emerging Technologies},
  volume={36},
  pages={1--12},
  year={2013},
  publisher={Elsevier}
}

@article{hamdouch2011schedule,
  title={Schedule-based transit assignment model with vehicle capacity and seat availability},
  author={Hamdouch, Younes and Ho, HW and Sumalee, Agachai and Wang, Guodong},
  journal={Transportation Research Part B: Methodological},
  volume={45},
  number={10},
  pages={1805--1830},
  year={2011},
  publisher={Elsevier}
}

@inproceedings{ma2011hybrid,
  title={A hybrid multiagent learning algorithm for solving the dynamic simulation-based continuous transit network design problem},
  author={Ma, Tai-Yu},
  booktitle={2011 International Conference on Technologies and Applications of Artificial Intelligence},
  pages={113--118},
  year={2011},
  organization={IEEE}
}

@article{nuzzolo2012schedule,
  title={A schedule-based assignment model with explicit capacity constraints for congested transit networks},
  author={Nuzzolo, Agostino and Crisalli, Umberto and Rosati, Luca},
  journal={Transportation Research Part C: Emerging Technologies},
  volume={20},
  number={1},
  pages={16--33},
  year={2012},
  publisher={Elsevier}
}

@incollection{yao2013modeling,
  title={Modeling on Dynamic Passenger Flow Distribution in Urban Mass Transit Network},
  author={Yao, Xiang-ming and Zhao, Peng and Qiao, Ke and Li, Wei-jia},
  booktitle={LISS 2012},
  pages={469--476},
  year={2013},
  publisher={Springer}
}

@article{yap2019shall,
  title={Where shall we sync? Clustering passenger flows to identify urban public transport hubs and their key synchronization priorities},
  author={Yap, Menno and Luo, Ding and Cats, Oded and van Oort, Niels and Hoogendoorn, Serge},
  journal={Transportation Research Part C: Emerging Technologies},
  volume={98},
  pages={433--448},
  year={2019},
  publisher={Elsevier}
}

@article{parsons1951illness,
  title={Illness and the role of the physician: a sociological perspective.},
  author={Parsons, Talcott},
  journal={American Journal of orthopsychiatry},
  volume={21},
  number={3},
  pages={452},
  year={1951},
  publisher={American Orthopsychiatric Association, Inc.}
}

@book{merton1968social,
  title={Social theory and social structure},
  author={Merton, Robert King and Merton, Robert C},
  year={1968},
  publisher={Simon and Schuster}
}

@article{mahadevan2006internet,
  title={The Internet AS-level topology: three data sources and one definitive metric},
  author={Mahadevan, Priya and Krioukov, Dmitri and Fomenkov, Marina and Dimitropoulos, Xenofontas and Claffy, KC and Vahdat, Amin},
  journal={ACM SIGCOMM Computer Communication Review},
  volume={36},
  number={1},
  pages={17--26},
  year={2006},
  publisher={ACM New York, NY, USA}
}

@article{varki1993biological,
  title={Biological roles of oligosaccharides: all of the theories are correct},
  author={Varki, Ajit},
  journal={Glycobiology},
  volume={3},
  number={2},
  pages={97--130},
  year={1993},
  publisher={Oxford University Press}
}

@article{helenius2004roles,
  title={Roles of N-linked glycans in the endoplasmic reticulum},
  author={Helenius, Ari and Aebi, Markus},
  journal={Annual review of biochemistry},
  volume={73},
  number={1},
  pages={1019--1049},
  year={2004},
  publisher={Annual Reviews 4139 El Camino Way, PO Box 10139, Palo Alto, CA 94303-0139, USA}
}


@inproceedings{scripps2007node,
  title={Node roles and community structure in networks},
  author={Scripps, Jerry and Tan, Pang-Ning and Esfahanian, Abdol-Hossein},
  booktitle={Proceedings of the 9th WebKDD and 1st SNA-KDD 2007 workshop on Web mining and social network analysis},
  pages={26--35},
  year={2007}
}

@inproceedings{henderson2012rolx,
  title={Rolx: structural role extraction \& mining in large graphs},
  author={Henderson, Keith and Gallagher, Brian and Eliassi-Rad, Tina and Tong, Hanghang and Basu, Sugato and Akoglu, Leman and Koutra, Danai and Faloutsos, Christos and Li, Lei},
  booktitle={Proceedings of the 18th ACM SIGKDD international conference on Knowledge discovery and data mining},
  pages={1231--1239},
  year={2012}
}

@article{rossi2014role,
  title={Role discovery in networks},
  author={Rossi, Ryan A and Ahmed, Nesreen K},
  journal={IEEE Transactions on Knowledge and Data Engineering},
  volume={27},
  number={4},
  pages={1112--1131},
  year={2014},
  publisher={IEEE}
}
##################

@article{kim2017route,
  title={Route choice stickiness of public transport passengers: Measuring habitual bus ridership behaviour using smart card data},
  author={Kim, Jiwon and Corcoran, Jonathan and Papamanolis, Marty},
  journal={Transportation Research Part C: Emerging Technologies},
  volume={83},
  pages={146--164},
  year={2017},
  publisher={Elsevier}
}

@article{ma2017understanding,
  title={Understanding commuting patterns using transit smart card data},
  author={Ma, Xiaolei and Liu, Congcong and Wen, Huimin and Wang, Yunpeng and Wu, Yao-Jan},
  journal={Journal of Transport Geography},
  volume={58},
  pages={135--145},
  year={2017},
  publisher={Elsevier}
}

@article{faroqi2017spatial,
  title={Spatial-temporal similarity correlation between public transit passengers using smart card data},
  author={Faroqi, Hamed and Mesbah, Mahmoud and Kim, Jiwon},
  journal={Journal of Advanced Transportation},
  volume={2017},
  year={2017},
  publisher={Hindawi}
}

@article{newman2003structure,
  title={The structure and function of complex networks},
  author={Newman, Mark EJ},
  journal={SIAM review},
  volume={45},
  number={2},
  pages={167--256},
  year={2003},
  publisher={SIAM}
}

@article{strogatz2001exploring,
  title={Exploring complex networks},
  author={Strogatz, Steven H},
  journal={nature},
  volume={410},
  number={6825},
  pages={268},
  year={2001},
  publisher={Nature Publishing Group}
}

@article{boccaletti2006complex,
  title={Complex networks: Structure and dynamics},
  author={Boccaletti, Stefano and Latora, Vito and Moreno, Yamir and Chavez, Martin and Hwang, D-U},
  journal={Physics reports},
  volume={424},
  number={4-5},
  pages={175--308},
  year={2006},
  publisher={Elsevier}
}

@article{girvan2002community,
  title={Community structure in social and biological networks},
  author={Girvan, Michelle and Newman, Mark EJ},
  journal={Proceedings of the national academy of sciences},
  volume={99},
  number={12},
  pages={7821--7826},
  year={2002},
  publisher={National Acad Sciences}
}

## temporal network################################
@article{pan2011path,
  title={Path lengths, correlations, and centrality in temporal networks},
  author={Pan, Raj Kumar and Saram{\"a}ki, Jari},
  journal={Physical Review E},
  volume={84},
  number={1},
  pages={016105},
  year={2011},
  publisher={APS}
}

@article{perra2012activity,
  title={Activity driven modeling of time varying networks},
  author={Perra, Nicola and Gon{\c{c}}alves, Bruno and Pastor-Satorras, Romualdo and Vespignani, Alessandro},
  journal={Scientific reports},
  volume={2},
  pages={469},
  year={2012},
  publisher={Nature Publishing Group}
}

@article{holme2012temporal,
  title={Temporal networks},
  author={Holme, Petter and Saram{\"a}ki, Jari},
  journal={Physics reports},
  volume={519},
  number={3},
  pages={97--125},
  year={2012},
  publisher={Elsevier}
}

@article{scholtes2014causality,
  title={Causality-driven slow-down and speed-up of diffusion in non-Markovian temporal networks},
  author={Scholtes, Ingo and Wider, Nicolas and Pfitzner, Ren{\'e} and Garas, Antonios and Tessone, Claudio J and Schweitzer, Frank},
  journal={Nature communications},
  volume={5},
  pages={5024},
  year={2014},
  publisher={Nature Publishing Group}
}

@article{holme2015modern,
  title={Modern temporal network theory: a colloquium},
  author={Holme, Petter},
  journal={The European Physical Journal B},
  volume={88},
  number={9},
  pages={234},
  year={2015},
  publisher={Springer}
}

@article{valdano2015analytical,
  title={Analytical computation of the epidemic threshold on temporal networks},
  author={Valdano, Eugenio and Ferreri, Luca and Poletto, Chiara and Colizza, Vittoria},
  journal={Physical Review X},
  volume={5},
  number={2},
  pages={021005},
  year={2015},
  publisher={APS}
}

@article{li2017fundamental,
  title={The fundamental advantages of temporal networks},
  author={Li, Aming and Cornelius, Sean P and Liu, Y-Y and Wang, Long and Barab{\'a}si, A-L},
  journal={Science},
  volume={358},
  number={6366},
  pages={1042--1046},
  year={2017},
  publisher={American Association for the Advancement of Science}
}

## static motif#############################
@article{mangan2003structure,
  title={Structure and function of the feed-forward loop network motif},
  author={Mangan, Shmoolik and Alon, Uri},
  journal={Proceedings of the National Academy of Sciences},
  volume={100},
  number={21},
  pages={11980--11985},
  year={2003},
  publisher={National Acad Sciences}
}

@article{milo2002network,
  title={Network motifs: simple building blocks of complex networks},
  author={Milo, Ron and Shen-Orr, Shai and Itzkovitz, Shalev and Kashtan, Nadav and Chklovskii, Dmitri and Alon, Uri},
  journal={Science},
  volume={298},
  number={5594},
  pages={824--827},
  year={2002},
  publisher={American Association for the Advancement of Science}
}

@article{alon2007network,
  title={Network motifs: theory and experimental approaches},
  author={Alon, Uri},
  journal={Nature Reviews Genetics},
  volume={8},
  number={6},
  pages={450},
  year={2007},
  publisher={Nature Publishing Group}
}

@inproceedings{jin2007trend,
  title={Trend motif: A graph mining approach for analysis of dynamic complex networks},
  author={Jin, Ruoming and McCallen, Scott and Almaas, Eivind},
  booktitle={Seventh IEEE International Conference on Data Mining (ICDM 2007)},
  pages={541--546},
  year={2007},
  organization={IEEE}
}

## temporal motif####################################3
@article{kovanen2011temporal,
  title={Temporal motifs in time-dependent networks},
  author={Kovanen, Lauri and Karsai, M{\'a}rton and Kaski, Kimmo and Kert{\'e}sz, J{\'a}nos and Saram{\"a}ki, Jari},
  journal={Journal of Statistical Mechanics: Theory and Experiment},
  volume={2011},
  number={11},
  pages={P11005},
  year={2011},
  publisher={IOP Publishing}
}

@article{kovanen2013temporal,
  title={Temporal motifs reveal homophily, gender-specific patterns, and group talk in call sequences},
  author={Kovanen, Lauri and Kaski, Kimmo and Kert{\'e}sz, J{\'a}nos and Saram{\"a}ki, Jari},
  journal={Proceedings of the National Academy of Sciences},
  volume={110},
  number={45},
  pages={18070--18075},
  year={2013},
  publisher={National Acad Sciences}
}

@inproceedings{shao2013temporal,
  title={A temporal motif mining approach to unsupervised energy disaggregation: Applications to residential and commercial buildings},
  author={Shao, Huijuan and Marwah, Manish and Ramakrishnan, Naren},
  booktitle={Twenty-Seventh AAAI Conference on Artificial Intelligence},
  year={2013}
}

@inproceedings{meydan2013prediction,
  title={Prediction of peptides binding to MHC class I and II alleles by temporal motif mining},
  author={Meydan, Cem and Otu, Hasan H and Sezerman, Osman U{\u{g}}ur},
  booktitle={BMC bioinformatics},
  volume={14},
  number={2},
  pages={S13},
  year={2013},
  organization={BioMed Central}
}

@inproceedings{paranjape2017motifs,
  title={Motifs in temporal networks},
  author={Paranjape, Ashwin and Benson, Austin R and Leskovec, Jure},
  booktitle={Proceedings of the Tenth ACM International Conference on Web Search and Data Mining},
  pages={601--610},
  year={2017},
  organization={ACM}
}

@article{sun2019tm,
  title={TM-Miner: TFS-Based Algorithm for Mining Temporal Motifs in Large Temporal Network},
  author={Sun, Xiaoli and Tan, Yusong and Wu, Qingbo and Chen, Baozi and Shen, Changxiang},
  journal={IEEE Access},
  volume={7},
  pages={49778--49789},
  year={2019},
  publisher={IEEE}
}

@article{yan2017universal,
  title={Universal model of individual and population mobility on diverse spatial scales},
  author={Yan, Xiao-Yong and Wang, Wen-Xu and Gao, Zi-You and Lai, Ying-Cheng},
  journal={Nature communications},
  volume={8},
  number={1},
  pages={1639},
  year={2017},
  publisher={Nature Publishing Group}
}


###  Most existing studies exploring travel pattern only concern the extent to which a single trip has recurred, omitting how trips combine over time and space. #########

@article{buliung2008exploring,
  title={Exploring spatial variety in patterns of activity-travel behaviour: initial results from the Toronto Travel-Activity Panel Survey (TTAPS)},
  author={Buliung, Ron N and Roorda, Matthew J and Remmel, Tarmo K},
  journal={Transportation},
  volume={35},
  number={6},
  pages={697},
  year={2008},
  publisher={Springer}
}


#######################

@article{sun2018identifying,
  title={Identifying Public Transit Commuters Based on Both the Smartcard Data and Survey Data: A Case Study in Xiamen, China},
  author={Sun, Shichao and Yang, Dongyuan},
  journal={Journal of Advanced Transportation},
  volume={2018},
  year={2018},
  publisher={Hindawi}
}

@article{zhang2018estimating,
  title={Estimating metro passengersâ€™ path choices by combining self-reported revealed preference and smart card data},
  author={Zhang, Yongsheng and Yao, Enjian and Zhang, Junyi and Zheng, Kangning},
  journal={Transportation Research Part C: Emerging Technologies},
  volume={92},
  pages={76--89},
  year={2018},
  publisher={Elsevier}
}


##############Although trip combinations have caught sufficient attention in the literature of travel behavior analysis, approaches interpreting versatility in potential trip combinations and its relationship with activity behavior of transit riders remain limited in scope.###############

Ma2013

@article{Kung2014,
    author = {Kung, Kevin S. AND Greco, Kael AND Sobolevsky, Stanislav AND Ratti, Carlo},
    journal = {PLOS ONE},
    publisher = {Public Library of Science},
    title = {Exploring Universal Patterns in Human Home-Work Commuting from Mobile Phone Data},
    year = {2014},
    month = {06},
    volume = {9},
    url = {https://doi.org/10.1371/journal.pone.0096180},
    pages = {1-15},
    doi = {10.1371/journal.pone.0096180}
}

@article{zhou2014commuting,
  title={Commuting efficiency in the Beijing metropolitan area: An exploration combining smartcard and travel survey data},
  author={Zhou, Jiangping and Murphy, Enda and Long, Ying},
  journal={Journal of Transport Geography},
  volume={41},
  pages={175--183},
  year={2014},
  publisher={Elsevier}
}

M2017

@article{zhao2017spatio,
  title={Spatio-temporal analysis of passenger travel patterns in massive smart card data},
  author={Zhao, Juanjuan and Qu, Qiang and Zhang, Fan and Xu, Chengzhong and Liu, Siyuan},
  journal={IEEE Transactions on Intelligent Transportation Systems},
  volume={18},
  number={11},
  pages={3135--3146},
  year={2017},
  publisher={IEEE}
}
###########################################################


################Some studies investigated travel patterns with more than two trips but are limited in scope by using panel survey data, and overlooked the order of trips over time. ####################################

@article{habib2008modelling,
  title={Modelling daily activity program generation considering within-day and day-to-day dynamics in activity-travel behaviour},
  author={Habib, Khandker MN and Miller, Eric J},
  journal={Transportation},
  volume={35},
  number={4},
  pages={467},
  year={2008},
  publisher={Springer}
}

@article{roorda2008long,
  title={Long-and short-term dynamics in activity scheduling: a structural equations approach},
  author={Roorda, Matthew J and Ruiz, Tom{\'a}s},
  journal={Transportation Research Part A: Policy and Practice},
  volume={42},
  number={3},
  pages={545--562},
  year={2008},
  publisher={Elsevier}
}

@article{bhat2005analysis,
  title={An analysis of multiple interepisode durations using a unifying multivariate hazard model},
  author={Bhat, Chandra R and Srinivasan, Sivaramakrishnan and Axhausen, Kay W},
  journal={Transportation Research Part B: Methodological},
  volume={39},
  number={9},
  pages={797--823},
  year={2005},
  publisher={Elsevier}
}

@article{recker1985travel,
  title={Travel/activity analysis: pattern recognition, classification and interpretation},
  author={Recker, Wilfred W and McNally, Michael G and Root, Gregory S},
  journal={Transportation Research Part A: General},
  volume={19},
  number={4},
  pages={279--296},
  year={1985},
  publisher={Elsevier}
}

@article{allahviranloo2013daily,
  title={Daily activity pattern recognition by using support vector machines with multiple classes},
  author={Allahviranloo, Mahdieh and Recker, Will},
  journal={Transportation Research Part B: Methodological},
  volume={58},
  pages={16--43},
  year={2013},
  publisher={Elsevier}
}

@article{goulet2017measuring,
  title={Measuring regularity of individual travel patterns},
  author={Goulet-Langlois, Gabriel and Koutsopoulos, Haris N and Zhao, Zhan and Zhao, Jinhua},
  journal={IEEE Transactions on Intelligent Transportation Systems},
  volume={19},
  number={5},
  pages={1583--1592},
  year={2017},
  publisher={IEEE}
}

############################


############# existing trip chian representation method ###########################
@article{zhao2015exploring,
  title={Exploring bikesharing travel time and trip chain by gender and day of the week},
  author={Zhao, Jinbao and Wang, Jian and Deng, Wei},
  journal={Transportation Research Part C: Emerging Technologies},
  volume={58},
  pages={251--264},
  year={2015},
  publisher={Elsevier}
}

@article{li2013exploring,
  title={Exploring the causal relationship between bicycle choice and trip chain pattern},
  author={Li, Zhibin and Wang, Wei and Yang, Chen and Jiang, Guojun},
  journal={Transport Policy},
  volume={29},
  pages={170--177},
  year={2013},
  publisher={Elsevier}
}

@article{primerano2008defining,
  title={Defining and understanding trip chaining behaviour},
  author={Primerano, Frank and Taylor, Michael AP and Pitaksringkarn, Ladda and Tisato, Peter},
  journal={Transportation},
  volume={35},
  number={1},
  pages={55--72},
  year={2008},
  publisher={Springer}
}

@article{yang2016comparing,
  title={Comparing travel mode and trip chain choices between holidays and weekdays},
  author={Yang, Liya and Shen, Qing and Li, Zhibin},
  journal={Transportation Research Part A: Policy and Practice},
  volume={91},
  pages={273--285},
  year={2016},
  publisher={Elsevier}
}

@article{golob2000simultaneous,
  title={A simultaneous model of household activity participation and trip chain generation},
  author={Golob, Thomas F},
  journal={Transportation Research Part B: Methodological},
  volume={34},
  number={5},
  pages={355--376},
  year={2000},
  publisher={Elsevier}
}

@article{maruyama2007efficiency,
  title={Efficiency and equity comparison of cordon-and area-based road pricing schemes using a trip-chain equilibrium model},
  author={Maruyama, Takuya and Sumalee, Agachai},
  journal={Transportation Research Part A: Policy and Practice},
  volume={41},
  number={7},
  pages={655--671},
  year={2007},
  publisher={Elsevier}
}
############## In summary#########################

@article{20192006924928 ,
language = {English},
copyright = {Compilation and indexing terms, Copyright 2019 Elsevier Inc.},
copyright = {Compendex},
title = {Analysis of passenger boarding time difference between adults and seniors based on smart card data},
title = {},
journal = {Journal of Southeast University (English Edition)},
author = {Lei, Da and Chen, Xuewu and Cheng, Long and Luo, Ronggen},
volume = {35},
number = {1},
year = {2019},
pages = {97 - 102},
issn = {10037985},
key = {Regression analysis},
keywords = {Analysis of variance (ANOVA);Buses;Smart cards;},
URL = {http://dx.doi.org/10.3969/j.issn.1003-7985.2019.01.014},
}

@article{cheng2019residential,
  title={Do residential location effects on travel behavior differ between the elderly and younger adults?},
  author={Cheng, Long and De Vos, Jonas and Shi, Kunbo and Yang, Min and Chen, Xuewu and Witlox, Frank},
  journal={Transportation research part D: transport and environment},
  volume={73},
  pages={367--380},
  year={2019},
  publisher={Elsevier}
}

@article{hasan2013spatiotemporal,
  title={Spatiotemporal patterns of urban human mobility},
  author={Hasan, Samiul and Schneider, Christian M and Ukkusuri, Satish V and Gonz{\'a}lez, Marta C},
  journal={Journal of Statistical Physics},
  volume={151},
  number={1-2},
  pages={304--318},
  year={2013},
  publisher={Springer}
}

@article{zhan2014inferring,
  title={Inferring urban land use using large-scale social media check-in data},
  author={Zhan, Xianyuan and Ukkusuri, Satish V and Zhu, Feng},
  journal={Networks and Spatial Economics},
  volume={14},
  number={3-4},
  pages={647--667},
  year={2014},
  publisher={Springer}
}


###### Methodology #######

@inproceedings{henderson2011s,
  title={It's who you know: graph mining using recursive structural features},
  author={Henderson, Keith and Gallagher, Brian and Li, Lei and Akoglu, Leman and Eliassi-Rad, Tina and Tong, Hanghang and Faloutsos, Christos},
  booktitle={Proceedings of the 17th ACM SIGKDD international conference on Knowledge discovery and data mining},
  pages={663--671},
  year={2011}
}

@article{straits1996ego,
  title={Ego-net diversity: Same-and cross-sex coworker ties},
  author={Straits, Bruce C},
  journal={Social networks},
  volume={18},
  number={1},
  pages={29--45},
  year={1996},
  publisher={Elsevier}
}

@article{edwards2009measures,
  title={Measures and meanings: Exploring the ego-net of Helen Kirkpatrick Watts, militant suffragette},
  author={Edwards, Gemma and Crossley, Nick},
  journal={Methodological Innovations Online},
  volume={4},
  number={1},
  pages={37--61},
  year={2009},
  publisher={SAGE Publications Sage UK: London, England}
}

@article{yang2014egonet,
  title={EgoNet: identification of human disease ego-network modules},
  author={Yang, Rendong and Bai, Yun and Qin, Zhaohui and Yu, Tianwei},
  journal={BMC genomics},
  volume={15},
  number={1},
  pages={314},
  year={2014},
  publisher={BioMed Central}
}

### role extraction ####

@incollection{berkhin2006survey,
  title={A survey of clustering data mining techniques},
  author={Berkhin, Pavel},
  booktitle={Grouping multidimensional data},
  pages={25--71},
  year={2006},
  publisher={Springer}
}

@techreport{zhu2005semi,
  title={Semi-supervised learning literature survey},
  author={Zhu, Xiaojin Jerry},
  year={2005},
  institution={University of Wisconsin-Madison Department of Computer Sciences}
}

@article{batagelj2004generalized,
  title={Generalized blockmodeling with Pajek},
  author={Batagelj, Vladimir and Mrvar, Andrej and Ferligoj, Anuska and Doreian, Patrick},
  journal={Metodoloski zvezki},
  volume={1},
  number={2},
  pages={455},
  year={2004},
  publisher={Anuska Ferligoj}
}

@article{nowicki2001estimation,
  title={Estimation and prediction for stochastic blockstructures},
  author={Nowicki, Krzysztof and Snijders, Tom A B},
  journal={Journal of the American statistical association},
  volume={96},
  number={455},
  pages={1077--1087},
  year={2001},
  publisher={Taylor \& Francis}
}

##
@article{airoldi2008mixed,
  title={Mixed membership stochastic blockmodels},
  author={Airoldi, Edoardo M and Blei, David M and Fienberg, Stephen E and Xing, Eric P},
  journal={Journal of machine learning research},
  volume={9},
  number={Sep},
  pages={1981--2014},
  year={2008}
}

@inproceedings{fu2009dynamic,
  title={Dynamic mixed membership blockmodel for evolving networks},
  author={Fu, Wenjie and Song, Le and Xing, Eric P},
  booktitle={Proceedings of the 26th annual international conference on machine learning},
  pages={329--336},
  year={2009}
}

##
@article{wold1987principal,
  title={Principal component analysis},
  author={Wold, Svante and Esbensen, Kim and Geladi, Paul},
  journal={Chemometrics and intelligent laboratory systems},
  volume={2},
  number={1-3},
  pages={37--52},
  year={1987},
  publisher={Elsevier}
}

@incollection{golub1971singular,
  title={Singular value decomposition and least squares solutions},
  author={Golub, Gene H and Reinsch, Christian},
  booktitle={Linear Algebra},
  pages={134--151},
  year={1971},
  publisher={Springer}
}

@article{partyka1999interpretational,
  title={Interpretational applications of spectral decomposition in reservoir characterization},
  author={Partyka, Greg and Gridley, James and Lopez, John},
  journal={The leading edge},
  volume={18},
  number={3},
  pages={353--360},
  year={1999},
  publisher={Society of Exploration Geophysicists}
}

@article{lee1999learning,
  title={Learning the parts of objects by non-negative matrix factorization},
  author={Lee, Daniel D and Seung, H Sebastian},
  journal={Nature},
  volume={401},
  number={6755},
  pages={788--791},
  year={1999},
  publisher={Nature Publishing Group}
}

@article{wright2015coordinate,
  title={Coordinate descent algorithms},
  author={Wright, Stephen J},
  journal={Mathematical Programming},
  volume={151},
  number={1},
  pages={3--34},
  year={2015},
  publisher={Springer}
}

## Automating model selection ##

@article{akaike1974new,
  title={A new look at the statistical model identification},
  author={Akaike, Hirotugu},
  journal={IEEE transactions on automatic control},
  volume={19},
  number={6},
  pages={716--723},
  year={1974},
  publisher={Ieee}
}

@article{rissanen1978modeling,
  title={Modeling by shortest data description},
  author={Rissanen, Jorma},
  journal={Automatica},
  volume={14},
  number={5},
  pages={465--471},
  year={1978},
  publisher={Pergamon}
}

@article{cook2007graph,
  title={Graph-based analysis of human transfer learning using a game testbed},
  author={Cook, Diane J and Holder, Lawrence B and Youngblood, G Michael},
  journal={IEEE Transactions on Knowledge and Data Engineering},
  volume={19},
  number={11},
  pages={1465--1478},
  year={2007},
  publisher={IEEE}
}

@book{grunwald2007minimum,
  title={The minimum description length principle},
  author={Gr{\"u}nwald, Peter D and Grunwald, Abhijit},
  year={2007},
  publisher={MIT press}
}

@article{rossi2014role,
  title={Role discovery in networks},
  author={Rossi, Ryan A and Ahmed, Nesreen K},
  journal={IEEE Transactions on Knowledge and Data Engineering},
  volume={27},
  number={4},
  pages={1112--1131},
  year={2014},
  publisher={IEEE}
}

@inproceedings{yang2011kullback,
  title={Kullback-Leibler divergence for nonnegative matrix factorization},
  author={Yang, Zhirong and Zhang, He and Yuan, Zhijian and Oja, Erkki},
  booktitle={International Conference on Artificial Neural Networks},
  pages={250--257},
  year={2011},
  organization={Springer}
}


### Case Study#####
##################
@article{sienkiewicz2005statistical,
  title={Statistical analysis of 22 public transport networks in Poland},
  author={Sienkiewicz, Julian and Ho{\l}yst, Janusz A},
  journal={Physical Review E},
  volume={72},
  number={4},
  pages={046127},
  year={2005},
  publisher={APS}
}

@article{von2009public,
  title={Public transport networks: empirical analysis and modeling},
  author={Von Ferber, Christian and Holovatch, Taras and Holovatch, Yu and Palchykov, V},
  journal={The European Physical Journal B},
  volume={68},
  number={2},
  pages={261--275},
  year={2009},
  publisher={Springer}
}

### 2.4######
@inproceedings{xing2004weighted,
  title={Weighted pagerank algorithm},
  author={Xing, Wenpu and Ghorbani, Ali},
  booktitle={Proceedings. Second Annual Conference on Communication Networks and Services Research, 2004.},
  pages={305--314},
  year={2004},
  organization={IEEE}
}

@inproceedings{bader2007approximating,
  title={Approximating betweenness centrality},
  author={Bader, David A and Kintali, Shiva and Madduri, Kamesh and Mihail, Milena},
  booktitle={International Workshop on Algorithms and Models for the Web-Graph},
  pages={124--137},
  year={2007},
  organization={Springer}
}

### 4 ######
@article{bao2017exploring,
  title={Exploring bikesharing travel patterns and trip purposes using smart card data and online point of interests},
  author={Bao, Jie and Xu, Chengcheng and Liu, Pan and Wang, Wei},
  journal={Networks and Spatial Economics},
  volume={17},
  number={4},
  pages={1231--1253},
  year={2017},
  publisher={Springer}
}

@article{zhang2018identifying,
  title={Identifying urban functional zones using public bicycle rental records and point-of-interest data},
  author={Zhang, Xiaoyi and Li, Wenwen and Zhang, Feng and Liu, Renyi and Du, Zhenhong},
  journal={ISPRS International Journal of Geo-Information},
  volume={7},
  number={12},
  pages={459},
  year={2018},
  publisher={Multidisciplinary Digital Publishing Institute}
}

@article{lei2020inferring,
  title={Inferring temporal motifs for travel pattern analysis using large scale smart card data},
  author={Lei, Da and Chen, Xuewu and Cheng, Long and Zhang, Lin and Ukkusuri, Satish V and Witlox, Frank},
  journal={Transportation Research Part C: Emerging Technologies},
  volume={120},
  pages={102810},
  year={2020},
  publisher={Elsevier}
}

@inproceedings{white2005spectral,
  title={A spectral clustering approach to finding communities in graphs},
  author={White, Scott and Smyth, Padhraic},
  booktitle={Proceedings of the 2005 SIAM international conference on data mining},
  pages={274--285},
  year={2005},
  organization={SIAM}
}

@inproceedings{li2010blind,
  title={Blind spatiotemporal separation of second and/or higher-order correlated sources by entropy rate minimization},
  author={Li, Xi-Lin and Adali, T{\"u}lay},
  booktitle={2010 IEEE International Conference on Acoustics, Speech and Signal Processing},
  pages={1934--1937},
  year={2010},
  organization={IEEE}
}

@inproceedings{liu2011entropy,
  title={Entropy rate superpixel segmentation},
  author={Liu, Ming-Yu and Tuzel, Oncel and Ramalingam, Srikumar and Chellappa, Rama},
  booktitle={CVPR 2011},
  pages={2097--2104},
  year={2011},
  organization={IEEE}
}

@article{liu2013entropy,
  title={Entropy-rate clustering: Cluster analysis via maximizing a submodular function subject to a matroid constraint},
  author={Liu, Ming-Yu and Tuzel, Oncel and Ramalingam, Srikumar and Chellappa, Rama},
  journal={IEEE Transactions on Pattern Analysis and Machine Intelligence},
  volume={36},
  number={1},
  pages={99--112},
  year={2013},
  publisher={IEEE}
}

@article{goulet2017measuring,
  title={Measuring regularity of individual travel patterns},
  author={Goulet-Langlois, Gabriel and Koutsopoulos, Haris N and Zhao, Zhan and Zhao, Jinhua},
  journal={IEEE Transactions on Intelligent Transportation Systems},
  volume={19},
  number={5},
  pages={1583--1592},
  year={2017},
  publisher={IEEE}
}

@inproceedings{rossi2012role,
  title={Role-dynamics: fast mining of large dynamic networks},
  author={Rossi, Ryan and Gallagher, Brian and Neville, Jennifer and Henderson, Keith},
  booktitle={Proceedings of the 21st International Conference on World Wide Web},
  pages={997--1006},
  year={2012}
}

@inproceedings{rossi2013modeling,
  title={Modeling dynamic behavior in large evolving graphs},
  author={Rossi, Ryan A and Gallagher, Brian and Neville, Jennifer and Henderson, Keith},
  booktitle={Proceedings of the sixth ACM international conference on Web search and data mining},
  pages={667--676},
  year={2013}
}

@article{saha2018models,
  title={Models for capturing temporal smoothness in evolving networks for learning latent representation of nodes},
  author={Saha, Tanay Kumar and Williams, Thomas and Hasan, Mohammad Al and Joty, Shafiq and Varberg, Nicholas K},
  journal={arXiv preprint arXiv:1804.05816},
  year={2018}
}

@article{lee2020dynamic,
  title={Dynamic Node Embeddings From Edge Streams},
  author={Lee, John Boaz and Nguyen, Giang and Rossi, Ryan A and Ahmed, Nesreen K and Koh, Eunyee and Kim, Sungchul},
  journal={IEEE Transactions on Emerging Topics in Computational Intelligence},
  year={2020},
  publisher={IEEE}
}

@article{beres2019node,
  title={Node embeddings in dynamic graphs},
  author={B{\'e}res, Ferenc and Kelen, Domokos M and P{\'a}lovics, R{\'o}bert and Bencz{\'u}r, Andr{\'a}s A},
  journal={Applied Network Science},
  volume={4},
  number={1},
  pages={1--25},
  year={2019},
  publisher={SpringerOpen}
}